<record><leader>00000cas a2200000 a 4500</leader><controlfield tag="001">9549065</controlfield><controlfield tag="007">hd afv---baca</controlfield><controlfield tag="008">830526d18211848mauwr nea     0    0eng d</controlfield><datafield ind1=" " ind2=" " tag="010"><subfield code="a">sf 89090890 </subfield></datafield><datafield ind1=" " ind2=" " tag="040"><subfield code="a">SUC</subfield><subfield code="b">eng</subfield><subfield code="c">SUC</subfield><subfield code="d">PES</subfield><subfield code="d">DLC</subfield><subfield code="d">NST</subfield><subfield code="d">FUG</subfield><subfield code="d">OCL</subfield><subfield code="d">OCLCQ</subfield><subfield code="d">IUL</subfield><subfield code="d">OCLCF</subfield><subfield code="d">OCLCO</subfield><subfield code="d">OCLCQ</subfield></datafield><datafield ind1=" " ind2=" " tag="042"><subfield code="a">msc</subfield></datafield><datafield ind1=" " ind2=" " tag="043"><subfield code="a">n-us-ma</subfield></datafield><datafield ind1="0" ind2="0" tag="050"><subfield code="a">Microfilm 01104 no.1491-1496 AP</subfield></datafield><datafield ind1=" " ind2="4" tag="050"><subfield code="a">BX6201</subfield><subfield code="b">.C47</subfield></datafield><datafield ind1="0" ind2="4" tag="082"><subfield code="a">051</subfield><subfield code="b">A51p2</subfield></datafield><datafield ind1="0" ind2=" " tag="130"><subfield code="a">Christian watchman (Boston, Mass. : 1821)</subfield></datafield><datafield ind1="1" ind2="4" tag="245"><subfield code="a">The Christian watchman.</subfield></datafield><datafield ind1=" " ind2=" " tag="260"><subfield code="a">Boston, Mass. :</subfield><subfield code="b">True, Weston &amp; Green,</subfield><subfield code="c">1821-1848.</subfield></datafield><datafield ind1=" " ind2=" " tag="300"><subfield code="a">28 volumes</subfield></datafield><datafield ind1=" " ind2=" " tag="310"><subfield code="a">Weekly</subfield></datafield><datafield ind1=" " ind2=" " tag="336"><subfield code="a">text</subfield><subfield code="b">txt</subfield><subfield code="2">rdacontent</subfield></datafield><datafield ind1=" " ind2=" " tag="337"><subfield code="a">microform</subfield><subfield code="b">h</subfield><subfield code="2">rdamedia</subfield></datafield><datafield ind1=" " ind2=" " tag="338"><subfield code="a">microfilm reel</subfield><subfield code="b">hd</subfield><subfield code="2">rdacarrier</subfield></datafield><datafield ind1="0" ind2=" " tag="362"><subfield code="a">New ser., vol. 2, no. 19 (Apr. 21, 1821)-v. 29, no. 19 (May 12, 1848).</subfield></datafield><datafield ind1=" " ind2=" " tag="500"><subfield code="a">This weekly resembled a newspaper and its object was to present important religious news of every kind, as well as some non-religious material. Religious news included reports of Bible, missionary, and tract societies, both in the U.S. and abroad; accounts of revivals; and news on missions, on various churches, and on ordinations. Non-religious material included general news, poetry, book reviews, biography, and articles on history, education, and agriculture. Cf. American periodicals, 1741-1900.</subfield></datafield><datafield ind1=" " ind2=" " tag="500"><subfield code="a">Title from caption.</subfield></datafield><datafield ind1=" " ind2=" " tag="515"><subfield code="a">New series designation dropped beginning with Mar. 15, 1823 issue.</subfield></datafield><datafield ind1=" " ind2=" " tag="515"><subfield code="a">Issues for Jan. 7, 1831-May 12, 1848 called also whole no. 604-1528.</subfield></datafield><datafield ind1=" " ind2=" " tag="550"><subfield code="a">Published under the patronage of: Baptist Missionary Society of Massachusetts, Dec. 9, 1825-Aug. 1838.</subfield></datafield><datafield ind1=" " ind2=" " tag="580"><subfield code="a">Merged with: Christian reflector (1840), to form: Christian reflector &amp; Christian watchman.</subfield></datafield><datafield ind1=" " ind2=" " tag="533"><subfield code="a">Microfilm.</subfield><subfield code="b">Ann Arbor, Mich. :</subfield><subfield code="c">University Microfilms,</subfield><subfield code="d">1952-1974.</subfield><subfield code="e">8 microfilm reels ; 35 mm.</subfield><subfield code="f">(American periodical series, 1800-1850 ; 246-248, 1491-1496).</subfield></datafield><datafield ind1=" " ind2="0" tag="650"><subfield code="a">Baptists</subfield><subfield code="v">Newspapers.</subfield></datafield><datafield ind1=" " ind2="0" tag="651"><subfield code="a">Boston (Mass.)</subfield><subfield code="v">Newspapers.</subfield></datafield><datafield ind1=" " ind2="0" tag="651"><subfield code="a">Suffolk County (Mass.)</subfield><subfield code="v">Newspapers.</subfield></datafield><datafield ind1=" " ind2="7" tag="650"><subfield code="a">Baptists.</subfield><subfield code="2">fast</subfield><subfield code="0">(OCoLC)fst00827285</subfield></datafield><datafield ind1=" " ind2="7" tag="651"><subfield code="a">Massachusetts</subfield><subfield code="z">Boston.</subfield><subfield code="2">fast</subfield><subfield code="0">(OCoLC)fst01205012</subfield></datafield><datafield ind1=" " ind2="7" tag="651"><subfield code="a">Massachusetts</subfield><subfield code="z">Suffolk County.</subfield><subfield code="2">fast</subfield><subfield code="0">(OCoLC)fst01206189</subfield></datafield><datafield ind1=" " ind2="7" tag="655"><subfield code="a">Newspapers.</subfield><subfield code="2">fast</subfield><subfield code="0">(OCoLC)fst01423814</subfield></datafield><datafield ind1="2" ind2=" " tag="710"><subfield code="a">Massachusetts Baptist Missionary Society.</subfield></datafield><datafield ind1=" " ind2=" " tag="752"><subfield code="a">United States</subfield><subfield code="b">Massachusetts</subfield><subfield code="c">Suffolk</subfield><subfield code="d">Boston.</subfield></datafield><datafield ind1="1" ind2=" " tag="776"><subfield code="c">Original</subfield><subfield code="w">(DLC)sn 86077247</subfield><subfield code="w">(OCoLC)6934358</subfield></datafield><datafield ind1="0" ind2="0" tag="780"><subfield code="t">Christian watchman &amp; Baptist register</subfield><subfield code="w">(DLC)sf 89090889</subfield><subfield code="w">(OCoLC)9496319</subfield></datafield><datafield ind1="1" ind2="7" tag="785"><subfield code="t">Christian reflector (1840)</subfield><subfield code="w">(DLC)sf 87092505</subfield><subfield code="w">(OCoLC)1554477</subfield></datafield><datafield ind1="1" ind2="7" tag="785"><subfield code="t">Christian reflector &amp; Christian watchman</subfield><subfield code="w">(DLC)sf 89091749</subfield><subfield code="w">(OCoLC)10193381</subfield></datafield><datafield ind1=" " ind2="0" tag="830"><subfield code="a">American periodical series, 1800-1850 ;</subfield><subfield code="v">247-248, 1491-1496.</subfield></datafield><datafield ind1=" " ind2=" " tag="850"><subfield code="a">DLC</subfield><subfield code="a">FU</subfield><subfield code="a">IaAS</subfield><subfield code="a">InLP</subfield><subfield code="a">MoU</subfield></datafield><datafield ind1="1" ind2=" " tag="029"><subfield code="a">AU@</subfield><subfield code="b">000020128702</subfield></datafield></record>